<?xml version="1.0" encoding="UTF-8"?><record xmlns="http://www.loc.gov/MARC21/slim" xmlns:cinclude="http://apache.org/cocoon/include/1.0" xmlns:zs="http://www.loc.gov/zing/srw/">
  <leader>02361cz  a2200385n  4500</leader>
  <controlfield tag="001">n  79077421 </controlfield>
  <controlfield tag="003">DLC</controlfield>
  <controlfield tag="005">20130726084947.0</controlfield>
  <controlfield tag="008">790926n| azannaabn          |a aaa      </controlfield>
  <datafield tag="010" ind1=" " ind2=" ">
    <subfield code="a">n  79077421 </subfield>
  </datafield>
  <datafield tag="035" ind1=" " ind2=" ">
    <subfield code="a">(OCoLC)oca00310085</subfield>
  </datafield>
  <datafield tag="035" ind1=" " ind2=" ">
    <subfield code="a">(Uk)000390002</subfield>
  </datafield>
  <datafield tag="040" ind1=" " ind2=" ">
    <subfield code="a">DLC</subfield>
    <subfield code="b">eng</subfield>
    <subfield code="e">rda</subfield>
    <subfield code="c">DLC</subfield>
    <subfield code="d">DLC</subfield>
    <subfield code="d">OCoLC</subfield>
    <subfield code="d">IEN</subfield>
    <subfield code="d">Uk</subfield>
    <subfield code="d">DLC</subfield>
  </datafield>
  <datafield tag="046" ind1=" " ind2=" ">
    <subfield code="f">19250211</subfield>
    <subfield code="g">20130724</subfield>
  </datafield>
  <datafield tag="100" ind1="1" ind2=" ">
    <subfield code="a">Johnson, Virginia E.</subfield>
  </datafield>
  <datafield tag="370" ind1=" " ind2=" ">
    <subfield code="a">Springfield, Mo.</subfield>
    <subfield code="b">Saint Louis, Mo.</subfield>
    <subfield code="c">U.S.</subfield>
    <subfield code="e">Saint Louis, Mo.</subfield>
  </datafield>
  <datafield tag="372" ind1=" " ind2=" ">
    <subfield code="a">Sexology</subfield>
    <subfield code="a">Psychology</subfield>
    <subfield code="2">lcsh</subfield>
  </datafield>
  <datafield tag="373" ind1=" " ind2=" ">
    <subfield code="a">Masters &amp; Johnson Institute</subfield>
    <subfield code="2">naf</subfield>
  </datafield>
  <datafield tag="373" ind1=" " ind2=" ">
    <subfield code="a">Washington University (Saint Louis, Mo.). Department of Obstetrics and Gynecology</subfield>
  </datafield>
  <datafield tag="374" ind1=" " ind2=" ">
    <subfield code="a">Sexologists</subfield>
    <subfield code="a">Psychologists</subfield>
    <subfield code="2">lcsh</subfield>
  </datafield>
  <datafield tag="375" ind1=" " ind2=" ">
    <subfield code="a">female</subfield>
  </datafield>
  <datafield tag="377" ind1=" " ind2=" ">
    <subfield code="a">eng</subfield>
  </datafield>
  <datafield tag="378" ind1=" " ind2=" ">
    <subfield code="q">Virginia Eshelman</subfield>
  </datafield>
  <datafield tag="400" ind1="1" ind2=" ">
    <subfield code="w">nne</subfield>
    <subfield code="a">Masters, Virginia Johnson</subfield>
  </datafield>
  <datafield tag="400" ind1="1" ind2=" ">
    <subfield code="a">Johnson-Masters, Virginia</subfield>
  </datafield>
  <datafield tag="400" ind1="1" ind2=" ">
    <subfield code="a">Eshelman, Mary Virginia</subfield>
  </datafield>
  <datafield tag="670" ind1=" " ind2=" ">
    <subfield code="a">Masters, W. H. Human sexual response, 1966.</subfield>
  </datafield>
  <datafield tag="670" ind1=" " ind2=" ">
    <subfield code="a">NLM files, 2/21/90</subfield>
    <subfield code="b">(hdg.: Masters, Virginia Johnson; usage: Virginia E. Johnson, Virginia Johnson)</subfield>
  </datafield>
  <datafield tag="670" ind1=" " ind2=" ">
    <subfield code="a">Sex and the scientists [VR] c1989:</subfield>
    <subfield code="b">credit frame (Virginia Johnson Masters)</subfield>
  </datafield>
  <datafield tag="670" ind1=" " ind2=" ">
    <subfield code="a">Who's who in Amer. women, 16th ed., p. 452</subfield>
    <subfield code="b">(Johnson-Masters, Virginia)</subfield>
  </datafield>
  <datafield tag="670" ind1=" " ind2=" ">
    <subfield code="a">Masters, W. H. Human sexuality, 1992:</subfield>
    <subfield code="b">t.p. (Virginia E. Johnson)</subfield>
  </datafield>
  <datafield tag="670" ind1=" " ind2=" ">
    <subfield code="a">Info. converted from 678, 2012-10-02</subfield>
    <subfield code="b">(b. 1925)</subfield>
  </datafield>
  <datafield tag="670" ind1=" " ind2=" ">
    <subfield code="a">BL auth. file, 12 April 2013</subfield>
    <subfield code="b">(hdg.: Johnson, Virginia E. (Virginia Eshelman), 1925-)</subfield>
  </datafield>
  <datafield tag="670" ind1=" " ind2=" ">
    <subfield code="a">Wikipedia, 12 April 2012</subfield>
    <subfield code="b">(Virginia Eshelman Johnson, born 11 February 1925, Springfield, Missouri, worked at the Department of Obstetrics and Gynecology at Washington University in St. Louis, later co-founded the Reproductive Biology Research Foundation, renamed the Masters and Johnson Institute, She was a sexologist and psychologist)</subfield>
  </datafield>
  <datafield tag="670" ind1=" " ind2=" ">
    <subfield code="a">New York times (online), viewed July 25, 2013</subfield>
    <subfield code="b">(Virginia E. Johnson; b. Mary Virginia Eshelman, Feb. 11, 1925, Springfield, Mo.; m. (after two previous marriages and divorces) George Johnson, 1950 (div. 1956); m. William H. Masters, 1971 (div. 1993); d. Wednesday [July 24, 2013], St. Louis, aged 88; writer, researcher.and sex therapist who with her longtime collaborator, William H. Masters, helped make the frank discussion of sex in postwar America possible if not downright acceptable)</subfield>
  </datafield>
</record>